%% This BibTeX bibliography file was created using BibDesk.
%% http://bibdesk.sourceforge.net/


%% Created for Louis deThanhoffer at 2017-09-07 19:07:57 -0400 


%% Saved with string encoding Unicode (UTF-8) 



@article{wikiprof,
	Author = {Wikipedia:worlds second oldest profession},
	Date-Added = {2017-09-06 21:14:48 +0000},
	Date-Modified = {2017-09-07 23:07:57 +0000},
	Year = {\url{https://en.wikipedia.org/wiki/World%27s_second_oldest_profession}}}

@article{usforge,
	Date-Added = {2017-09-06 20:46:43 +0000},
	Date-Modified = {2017-09-07 20:11:34 +0000},
	Title = {Counterfeiting costs US businesses},
	Year = {\url{http://www.ipwatchdog.com/2010/08/30/counterfeiting-costs-us-businesses/id=12336/}}}

@article{wikiforge,
	Date-Added = {2017-09-06 20:44:52 +0000},
	Date-Modified = {2017-09-07 20:10:03 +0000},
	Title = {wikipedia: counterfeiting},
	Year = {\url{en.wikipedia.org/wiki/Counterfeit}}}

@article{BNA,
	Author = {Gillich, E. and Lohweg, V.},
	Date-Added = {2017-06-16 22:17:50 +0000},
	Date-Modified = {2017-06-20 15:38:07 +0000},
	Journal = {Conference Proceedings},
	Number = {2010},
	Title = {Banknote Authentication},
	Volume = {BVau},
	Year = {\url{https://www.researchgate.net/publication/266673146_Banknote_Authentication}}}
