%% This BibTeX bibliography file was created using BibDesk.
%% http://bibdesk.sourceforge.net/


%% Created for Louis deThanhoffer at 2017-06-20 11:38:07 -0400 


%% Saved with string encoding Unicode (UTF-8) 



@article{BNA,
	Author = {Gillich, E. and Lohweg, V.},
	Date-Added = {2017-06-16 22:17:50 +0000},
	Date-Modified = {2017-06-20 15:38:07 +0000},
	Journal = {Conference Proceedings},
	Number = {2010},
	Title = {Banknote Authentication},
	Volume = {BVau },
	Year = {\url{https://www.researchgate.net/publication/266673146_Banknote_Authentication}}}
